% cite GPT paper
@article{radford2019language,
  title           = {Language models are unsupervised multitask learners},
  author          = {Radford, Alec and Wu, Jeff and Child, Rewon and Luan, David and Amodei, Dario and Sutskever, Ilya},
  year            = {2019}
}

@misc {ai_dataset_2023,
	author          = { {Amittai Siavava, Aimen Abdulaziz, Angelic McPherson} },
	title           = { AI Tech Articles Dataset },
	year            = 2023,
	url             = { https://huggingface.co/datasets/siavava/ai-tech-articles },
	doi             = { 10.57967/hf/1324 },
	publisher       = { Hugging Face }
}

% GitHUb repo
@misc{functional-scraper,
  author          = { {Amittai Siavava, Aimen Abdulaziz, Angelic McPherson} },
  title           = {Web Scraper for AI Tech Articles},
  year            = {2021},
  publisher       = {GitHub},
  journal         = {GitHub repository},
  url             = { https://github.com/siavava/functional-scraper }
}

@misc{gpt3-paper,
  title           = {Language Models are Few-Shot Learners}, 
  author          = {Tom B. Brown and Benjamin Mann and Nick Ryder and Melanie Subbiah and Jared Kaplan and Prafulla Dhariwal and Arvind Neelakantan and Pranav Shyam and Girish Sastry and Amanda Askell and Sandhini Agarwal and Ariel Herbert-Voss and Gretchen Krueger and Tom Henighan and Rewon Child and Aditya Ramesh and Daniel M. Ziegler and Jeffrey Wu and Clemens Winter and Christopher Hesse and Mark Chen and Eric Sigler and Mateusz Litwin and Scott Gray and Benjamin Chess and Jack Clark and Christopher Berner and Sam McCandlish and Alec Radford and Ilya Sutskever and Dario Amodei},
  year            = {2020},
  eprint          = {2005.14165},
  archivePrefix   = {arXiv},
  primaryClass    = {cs.CL}
}

@misc{chatgpt-info,
  title           = {Introducing ChatGPT},
  author          = {OpenAI},
  year            = {2022},
  url             = {https://openai.com/blog/chatgpt}
}


@misc{data-explosion,
  title           = {Ninety Percent of the World's Data Created in Last Two Years},
  author          = {Exploding Topics},
  year            = {2023},
  url             = {https://explodingtopics.com/blog/data-generated-per-day}
}

@misc{BERTopic,
  title           = {BERTopic: Neural topic modeling with a class-based TF-IDF procedure}, 
  author          = {Maarten Grootendorst},
  year            = {2022},
  eprint          = {2203.05794},
  archivePrefix   = {arXiv},
  primaryClass    = {cs.CL}
}

@misc{openai-ceo-event,
  title           = {Sam Altman's Second Coming Sparks New Fears of AI Apocalypse},
  author          = {Wired},
  year            = {2023},
  url             = {https://www.wired.com/story/sam-altman-second-coming-sparks-new-fears-ai-apocalypse}
}

@misc{deepmind-about,
  title           = {About DeepMind},
  author          = {DeepMind},
  year            = {2023},
  url             = {https://deepmind.google/about}
}

% https://deepmind.google/about
